<?xml version="1.0" encoding="UTF-8"?><collection xmlns="http://www.loc.gov/MARC21/slim"><record><leader>00389nam--2200121-i-4500</leader><controlfield tag="001">000040521</controlfield><controlfield tag="002">20161230</controlfield><controlfield tag="005">20161230201042</controlfield><controlfield tag="008">060222s1000------------r-----000-0-eng-d</controlfield><datafield ind1=" " ind2=" " tag="100"><subfield code="a">Scharmer,K. And Schober,J</subfield></datafield><datafield ind1=" " ind2=" " tag="245"><subfield code="a">Part 1:optimal recycling of pu in heavy water and light water reactors. part 2:irradiation facilities</subfield></datafield><datafield ind1=" " ind2=" " tag="260"><subfield code="a">Julich, Kernforschungsanlage, 1973. 490 P</subfield></datafield><datafield ind1=" " ind2=" " tag="852"><subfield code="a">27198</subfield></datafield></record></collection>